<?xml version="1.0" encoding="UTF-8"?>
<!DOCTYPE html PUBLIC "-//W3C//DTD XHTML 1.0 Transitional//EN"
    "http://www.w3.org/TR/xhtml1/DTD/xhtml1-transitional.dtd">
<html xmlns="http://www.w3.org/1999/xhtml" xml:lang="en" lang="en">
 <head>
  <title>
</title>
<meta http-equiv="Content-Type" content="text/html;charset=utf-8" />
  <meta name='ocr-system' content='tesseract 3.04.00' />
  <meta name='ocr-capabilities' content='ocr_page ocr_carea ocr_par ocr_line ocrx_word'/>
</head>
<body>
  <div class='ocr_page' id='page_1' title='image "./epistola00dreu_0013.png"; bbox 0 0 1576 2389; ppageno 0'>
   <div class='ocr_carea' id='block_1_1' title="bbox 411 59 1293 147">
    <p class='ocr_par' dir='ltr' id='par_1_1' title="bbox 411 59 1293 147">
     <span class='ocr_line' id='line_1_1' title="bbox 411 59 1293 147; baseline -0.003 -21"><span class='ocrx_word' id='word_1_1' title='bbox 411 65 591 127; x_wconf 84' lang='lat' dir='ltr'>Dom.</span> <span class='ocrx_word' id='word_1_2' title='bbox 651 59 988 147; x_wconf 80' lang='lat' dir='ltr'>Winthrop.</span> <span class='ocrx_word' id='word_1_3' title='bbox 1259 82 1293 141; x_wconf 91' lang='lat'><strong><em>7</em></strong></span> 
     </span>
    </p>
   </div>
   <div class='ocr_carea' id='block_1_2' title="bbox 104 194 1320 2259">
    <p class='ocr_par' dir='ltr' id='par_1_2' title="bbox 104 194 1320 2259">
     <span class='ocr_line' id='line_1_2' title="bbox 107 194 1292 285; baseline -0.003 -23"><span class='ocrx_word' id='word_1_4' title='bbox 107 216 226 276; x_wconf 85' lang='lat' dir='ltr'>cet,</span> <span class='ocrx_word' id='word_1_5' title='bbox 264 199 503 285; x_wconf 84' lang='lat' dir='ltr'>opinor,</span> <span class='ocrx_word' id='word_1_6' title='bbox 541 194 815 272; x_wconf 85' lang='lat' dir='ltr'>confiliO,</span> <span class='ocrx_word' id='word_1_7' title='bbox 869 221 903 258; x_wconf 88' lang='lat' dir='ltr'>a</span> <span class='ocrx_word' id='word_1_8' title='bbox 968 200 1107 258; x_wconf 93' lang='lat' dir='ltr'>Deo</span> <span class='ocrx_word' id='word_1_9' title='bbox 1165 213 1292 283; x_wconf 91' lang='lat' dir='ltr'>opt.</span> 
     </span>
     <span class='ocr_line' id='line_1_3' title="bbox 106 289 1298 364; baseline -0.003 -9"><span class='ocrx_word' id='word_1_10' title='bbox 106 317 272 355; x_wconf 84' lang='lat' dir='ltr'>max.</span> <span class='ocrx_word' id='word_1_11' title='bbox 332 290 564 354; x_wconf 45' lang='lat' dir='ltr'>fautum</span> <span class='ocrx_word' id='word_1_12' title='bbox 615 289 717 364; x_wconf 84' lang='lat' dir='ltr'>est,</span> <span class='ocrx_word' id='word_1_13' title='bbox 754 306 819 351; x_wconf 88' lang='lat' dir='ltr'>vt</span> <span class='ocrx_word' id='word_1_14' title='bbox 876 289 987 351; x_wconf 87' lang='lat' dir='ltr'>tibi</span> <span class='ocrx_word' id='word_1_15' title='bbox 1046 289 1298 352; x_wconf 89' lang='lat' dir='ltr'>debere—</span> 
     </span>
     <span class='ocr_line' id='line_1_4' title="bbox 106 382 1295 461; baseline -0.004 -12"><span class='ocrx_word' id='word_1_16' title='bbox 106 411 239 450; x_wconf 88' lang='lat' dir='ltr'>mus</span> <span class='ocrx_word' id='word_1_17' title='bbox 291 384 550 448; x_wconf 85' lang='lat' dir='ltr'>faelicem</span> <span class='ocrx_word' id='word_1_18' title='bbox 608 385 868 459; x_wconf 83' lang='lat' dir='ltr'>exitum,</span> <span class='ocrx_word' id='word_1_19' title='bbox 925 384 1051 445; x_wconf 89' lang='lat' dir='ltr'>eius</span> <span class='ocrx_word' id='word_1_20' title='bbox 1087 382 1295 461; x_wconf 86' lang='lat' dir='ltr'>causae,</span> 
     </span>
     <span class='ocr_line' id='line_1_5' title="bbox 109 476 1302 563; baseline -0.002 -21"><span class='ocrx_word' id='word_1_21' title='bbox 109 481 281 543; x_wconf 88' lang='lat' dir='ltr'>cuius</span> <span class='ocrx_word' id='word_1_22' title='bbox 346 480 599 541; x_wconf 89' lang='lat' dir='ltr'>initium</span> <span class='ocrx_word' id='word_1_23' title='bbox 663 495 725 540; x_wconf 91' lang='lat' dir='ltr'>et</span> <span class='ocrx_word' id='word_1_24' title='bbox 775 476 1111 563; x_wconf 87' lang='lat' dir='ltr'>primordia</span> <span class='ocrx_word' id='word_1_25' title='bbox 1191 495 1302 540; x_wconf 94' lang='lat' dir='ltr'>tuo</span> 
     </span>
     <span class='ocr_line' id='line_1_6' title="bbox 107 567 1300 636; baseline -0.002 0"><span class='ocrx_word' id='word_1_26' title='bbox 107 574 281 636; x_wconf 88' lang='lat' dir='ltr'>nobis</span> <span class='ocrx_word' id='word_1_27' title='bbox 362 567 631 635; x_wconf 77' lang='lat' dir='ltr'>maxime</span> <span class='ocrx_word' id='word_1_28' title='bbox 729 570 1103 633; x_wconf 88' lang='lat' dir='ltr'>observando</span> <span class='ocrx_word' id='word_1_29' title='bbox 1183 575 1300 634; x_wconf 87' lang='lat' dir='ltr'>Pa—</span> 
     </span>
     <span class='ocr_line' id='line_1_7' title="bbox 106 666 1302 731; baseline -0.001 -2"><span class='ocrx_word' id='word_1_30' title='bbox 106 669 264 731; x_wconf 90' lang='lat' dir='ltr'>renti</span> <span class='ocrx_word' id='word_1_31' title='bbox 322 666 732 729; x_wconf 80' lang='lat' dir='ltr'>debebamus:</span> <span class='ocrx_word' id='word_1_32' title='bbox 804 668 1031 727; x_wconf 81' lang='lat' dir='ltr'>Totam</span> <span class='ocrx_word' id='word_1_33' title='bbox 1092 683 1302 728; x_wconf 88' lang='lat' dir='ltr'>autern</span> 
     </span>
     <span class='ocr_line' id='line_1_8' title="bbox 105 755 1302 845; baseline 0 -22"><span class='ocrx_word' id='word_1_34' title='bbox 105 759 458 823; x_wconf 88' lang='lat' dir='ltr'>huiusmodi</span> <span class='ocrx_word' id='word_1_35' title='bbox 494 758 735 821; x_wconf 89' lang='lat' dir='ltr'>causam</span> <span class='ocrx_word' id='word_1_36' title='bbox 761 755 947 821; x_wconf 74' lang='lat' dir='ltr'>fufius</span> <span class='ocrx_word' id='word_1_37' title='bbox 980 757 1302 845; x_wconf 86' lang='lat' dir='ltr'>postquam</span> 
     </span>
     <span class='ocr_line' id='line_1_9' title="bbox 106 850 1305 941; baseline -0.002 -23"><span class='ocrx_word' id='word_1_38' title='bbox 106 853 376 941; x_wconf 85' lang='lat' dir='ltr'>explicui</span> <span class='ocrx_word' id='word_1_39' title='bbox 469 878 675 916; x_wconf 89' lang='lat' dir='ltr'>coram</span> <span class='ocrx_word' id='word_1_40' title='bbox 774 850 1147 915; x_wconf 86' lang='lat' dir='ltr'>Bostonienfi</span> <span class='ocrx_word' id='word_1_41' title='bbox 1243 872 1305 916; x_wconf 93' lang='lat' dir='ltr'>et</span> 
     </span>
     <span class='ocr_line' id='line_1_10' title="bbox 110 945 1309 1036; baseline -0.001 -26"><span class='ocrx_word' id='word_1_42' title='bbox 110 945 571 1036; x_wconf 60' lang='lat' dir='ltr'>Pleyrnssthenfi</span> <span class='ocrx_word' id='word_1_43' title='bbox 637 946 1083 1023; x_wconf 90' lang='lat' dir='ltr'>Gubernatore,</span> <span class='ocrx_word' id='word_1_44' title='bbox 1155 950 1309 1011; x_wconf 88' lang='lat' dir='ltr'>votis</span> 
     </span>
     <span class='ocr_line' id='line_1_11' title="bbox 108 1041 1307 1128; baseline -0.002 -23"><span class='ocrx_word' id='word_1_45' title='bbox 108 1042 392 1105; x_wconf 85' lang='lat' dir='ltr'>omnibus</span> <span class='ocrx_word' id='word_1_46' title='bbox 473 1041 840 1128; x_wconf 80' lang='lat' dir='ltr'><strong>expetebam</strong></span> <span class='ocrx_word' id='word_1_47' title='bbox 908 1065 1121 1102; x_wconf 88' lang='lat' dir='ltr'>meum</span> <span class='ocrx_word' id='word_1_48' title='bbox 1192 1044 1307 1105; x_wconf 91' lang='lat' dir='ltr'>iter</span> 
     </span>
     <span class='ocr_line' id='line_1_12' title="bbox 106 1135 1307 1223; baseline 0.001 -25"><span class='ocrx_word' id='word_1_49' title='bbox 106 1135 386 1223; x_wconf 86' lang='lat' dir='ltr'>prosequi</span> <span class='ocrx_word' id='word_1_50' title='bbox 450 1135 642 1198; x_wconf 88' lang='lat' dir='ltr'>versus</span> <span class='ocrx_word' id='word_1_51' title='bbox 712 1160 847 1198; x_wconf 86' lang='lat' dir='ltr'>earn</span> <span class='ocrx_word' id='word_1_52' title='bbox 913 1159 1102 1222; x_wconf 88' lang='lat' dir='ltr'>quam</span> <span class='ocrx_word' id='word_1_53' title='bbox 1183 1137 1307 1199; x_wconf 67' lang='lat' dir='ltr'>nuc</span> 
     </span>
     <span class='ocr_line' id='line_1_13' title="bbox 107 1225 1309 1315; baseline 0.002 -24"><span class='ocrx_word' id='word_1_54' title='bbox 107 1229 321 1292; x_wconf 87' lang='lat' dir='ltr'>incolis</span> <span class='ocrx_word' id='word_1_55' title='bbox 370 1231 707 1315; x_wconf 83' lang='lat' dir='ltr'><strong>regionem,</strong></span> <span class='ocrx_word' id='word_1_56' title='bbox 784 1254 900 1292; x_wconf 86' lang='lat' dir='ltr'>nec</span> <span class='ocrx_word' id='word_1_57' title='bbox 958 1225 1087 1291; x_wconf 74' lang='lat' dir='ltr'>tam</span> <span class='ocrx_word' id='word_1_58' title='bbox 1137 1233 1309 1293; x_wconf 86' lang='lat' dir='ltr'>niues</span> 
     </span>
     <span class='ocr_line' id='line_1_14' title="bbox 108 1322 1313 1429; baseline 0.002 -44"><span class='ocrx_word' id='word_1_59' title='bbox 108 1326 476 1410; x_wconf 84' lang='lat' dir='ltr'>importunae</span> <span class='ocrx_word' id='word_1_60' title='bbox 511 1348 612 1386; x_wconf 88' lang='lat' dir='ltr'>me</span> <span class='ocrx_word' id='word_1_61' title='bbox 659 1322 1082 1429; x_wconf 84' lang='lat' dir='ltr'>prohibuerut,</span> <span class='ocrx_word' id='word_1_62' title='bbox 1123 1350 1313 1412; x_wconf 89' lang='lat' dir='ltr'>quam</span> 
     </span>
     <span class='ocr_line' id='line_1_15' title="bbox 111 1416 1310 1506; baseline 0.002 -26"><span class='ocrx_word' id='word_1_63' title='bbox 111 1418 439 1480; x_wconf 81' lang='lat' dir='ltr'>auctoritas</span> <span class='ocrx_word' id='word_1_64' title='bbox 534 1416 807 1504; x_wconf 88' lang='lat' dir='ltr'>plurium</span> <span class='ocrx_word' id='word_1_65' title='bbox 900 1419 1103 1482; x_wconf 81' lang='lat' dir='ltr'>viroru</span> <span class='ocrx_word' id='word_1_66' title='bbox 1170 1444 1310 1506; x_wconf 82' lang='lat' dir='ltr'>gra-</span> 
     </span>
     <span class='ocr_line' id='line_1_16' title="bbox 108 1508 1312 1599; baseline 0.002 -27"><span class='ocrx_word' id='word_1_67' title='bbox 108 1511 232 1587; x_wconf 79' lang='lat' dir='ltr'>vin,</span> <span class='ocrx_word' id='word_1_68' title='bbox 275 1508 772 1589; x_wconf 81' lang='lat' dir='ltr'>dissuadentium,</span> <span class='ocrx_word' id='word_1_69' title='bbox 818 1512 1038 1599; x_wconf 87' lang='lat' dir='ltr'>quibus</span> <span class='ocrx_word' id='word_1_70' title='bbox 1112 1513 1312 1576; x_wconf 89' lang='lat' dir='ltr'>obser-</span> 
     </span>
     <span class='ocr_line' id='line_1_17' title="bbox 105 1605 1314 1683; baseline 0.003 -17"><span class='ocrx_word' id='word_1_71' title='bbox 105 1606 381 1667; x_wconf 91' lang='lat' dir='ltr'>uantiam</span> <span class='ocrx_word' id='word_1_72' title='bbox 510 1605 725 1683; x_wconf 86' lang='lat' dir='ltr'>debeO,</span> <span class='ocrx_word' id='word_1_73' title='bbox 810 1631 910 1669; x_wconf 88' lang='lat' dir='ltr'>me</span> <span class='ocrx_word' id='word_1_74' title='bbox 997 1613 1314 1672; x_wconf 74' lang='lat' dir='ltr'>revocarfit</span> 
     </span>
     <span class='ocr_line' id='line_1_18' title="bbox 111 1697 1312 1786; baseline 0.002 -26"><span class='ocrx_word' id='word_1_75' title='bbox 111 1697 480 1786; x_wconf 59' lang='lat' dir='ltr'>Pleymsstho</span> <span class='ocrx_word' id='word_1_76' title='bbox 538 1698 863 1763; x_wconf 87' lang='lat' dir='ltr'>Bostonem</span> <span class='ocrx_word' id='word_1_77' title='bbox 1067 1720 1312 1765; x_wconf 89' lang='lat' dir='ltr'>tantum</span> 
     </span>
     <span class='ocr_line' id='line_1_19' title="bbox 108 1791 1311 1883; baseline 0.006 -30"><span class='ocrx_word' id='word_1_78' title='bbox 108 1791 261 1854; x_wconf 87' lang='lat' dir='ltr'>mihi</span> <span class='ocrx_word' id='word_1_79' title='bbox 312 1792 435 1879; x_wconf 90' lang='lat' dir='ltr'>spei</span> <span class='ocrx_word' id='word_1_80' title='bbox 485 1792 822 1880; x_wconf 82' lang='lat' dir='ltr'>affulgebat</span> <span class='ocrx_word' id='word_1_81' title='bbox 881 1820 957 1858; x_wconf 83' lang='lat' dir='ltr'>ex</span> <span class='ocrx_word' id='word_1_82' title='bbox 1011 1795 1118 1859; x_wconf 64' lang='lat' dir='ltr'>tua</span> <span class='ocrx_word' id='word_1_83' title='bbox 1168 1821 1311 1883; x_wconf 83' lang='lat' dir='ltr'>erga</span> 
     </span>
     <span class='ocr_line' id='line_1_20' title="bbox 109 1888 1316 1974; baseline 0.004 -26"><span class='ocrx_word' id='word_1_84' title='bbox 109 1888 467 1972; x_wconf 81' lang='lat' dir='ltr'>Peregrinos</span> <span class='ocrx_word' id='word_1_85' title='bbox 547 1888 941 1974; x_wconf 78' lang='lat' dir='ltr'>quantuIibet</span> <span class='ocrx_word' id='word_1_86' title='bbox 1027 1890 1316 1953; x_wconf 89' lang='lat' dir='ltr'>Barbaros</span> 
     </span>
     <span class='ocr_line' id='line_1_21' title="bbox 104 1978 1318 2059; baseline 0.003 -17"><span class='ocrx_word' id='word_1_87' title='bbox 104 1978 512 2059; x_wconf 87' lang='lat' dir='ltr'>humanitate,</span> <span class='ocrx_word' id='word_1_88' title='bbox 558 2000 623 2045; x_wconf 86' lang='lat' dir='ltr'>vt</span> <span class='ocrx_word' id='word_1_89' title='bbox 657 1982 812 2045; x_wconf 86' lang='lat' dir='ltr'>mihi</span> <span class='ocrx_word' id='word_1_90' title='bbox 861 1985 984 2047; x_wconf 86' lang='lat' dir='ltr'>iarn</span> <span class='ocrx_word' id='word_1_91' title='bbox 1027 1986 1102 2047; x_wconf 91' lang='lat' dir='ltr'>ab</span> <span class='ocrx_word' id='word_1_92' title='bbox 1145 1988 1318 2048; x_wconf 83' lang='lat' dir='ltr'>annis</span> 
     </span>
     <span class='ocr_line' id='line_1_22' title="bbox 108 2076 1317 2142; baseline 0.005 -6"><span class='ocrx_word' id='word_1_93' title='bbox 108 2099 336 2137; x_wconf 90' lang='lat' dir='ltr'>nouem</span> <span class='ocrx_word' id='word_1_94' title='bbox 371 2077 531 2138; x_wconf 93' lang='lat' dir='ltr'>inter</span> <span class='ocrx_word' id='word_1_95' title='bbox 565 2076 853 2140; x_wconf 86' lang='lat' dir='ltr'>Barbaros</span> <span class='ocrx_word' id='word_1_96' title='bbox 902 2078 1213 2142; x_wconf 87' lang='lat' dir='ltr'>docendos</span> <span class='ocrx_word' id='word_1_97' title='bbox 1253 2082 1317 2142; x_wconf 89' lang='lat' dir='ltr'>in</span> 
     </span>
     <span class='ocr_line' id='line_1_23' title="bbox 110 2167 1320 2259; baseline 0.006 -30"><span class='ocrx_word' id='word_1_98' title='bbox 110 2167 286 2255; x_wconf 84' lang='lat' dir='ltr'>syluis</span> <span class='ocrx_word' id='word_1_99' title='bbox 326 2170 543 2256; x_wconf 85' lang='lat' dir='ltr'>procul</span> <span class='ocrx_word' id='word_1_100' title='bbox 578 2171 653 2234; x_wconf 87' lang='lat' dir='ltr'>ab</span> <span class='ocrx_word' id='word_1_101' title='bbox 690 2176 1132 2259; x_wconf 84' lang='lat' dir='ltr'>Europaeorum</span> <span class='ocrx_word' id='word_1_102' title='bbox 1168 2197 1320 2237; x_wconf 86' lang='lat' dir='ltr'>con-</span> 
     </span>
    </p>
   </div>
  </div>
 </body>
</html>
